<?xml version="1.0" encoding="UTF-8"?>
  <record xmlns="http://www.loc.gov/MARC21/slim" type="Authority">
    <leader>00000nz  a2200000nc 4500</leader>
    <controlfield tag="001">120091550</controlfield>
    <controlfield tag="003">DE-101</controlfield>
    <controlfield tag="005">20160408162147.0</controlfield>
    <controlfield tag="008">980407n||aznnnaabn           | aaa    |c</controlfield>
    <datafield tag="024" ind1="7" ind2=" ">
      <subfield code="a">120091550</subfield>
      <subfield code="0">http://d-nb.info/gnd/120091550</subfield>
      <subfield code="2">gnd</subfield>
    </datafield>
    <datafield tag="035" ind1=" " ind2=" ">
      <subfield code="a">(DE-101)120091550</subfield>
    </datafield>
    <datafield tag="035" ind1=" " ind2=" ">
      <subfield code="a">(DE-588)120091550</subfield>
    </datafield>
    <datafield tag="035" ind1=" " ind2=" ">
      <subfield code="z">(DE-588a)120091550</subfield>
      <subfield code="9">v:zg</subfield>
    </datafield>
    <datafield tag="040" ind1=" " ind2=" ">
      <subfield code="a">DE-12</subfield>
      <subfield code="c">DE-12</subfield>
      <subfield code="9">r:DE-12</subfield>
      <subfield code="b">ger</subfield>
      <subfield code="d">1601</subfield>
    </datafield>
    <datafield tag="042" ind1=" " ind2=" ">
      <subfield code="a">gnd1</subfield>
    </datafield>
    <datafield tag="043" ind1=" " ind2=" ">
      <subfield code="c">XA-DE</subfield>
    </datafield>
    <datafield tag="075" ind1=" " ind2=" ">
      <subfield code="b">p</subfield>
      <subfield code="2">gndgen</subfield>
    </datafield>
    <datafield tag="075" ind1=" " ind2=" ">
      <subfield code="b">piz</subfield>
      <subfield code="2">gndspec</subfield>
    </datafield>
    <datafield tag="079" ind1=" " ind2=" ">
      <subfield code="a">g</subfield>
      <subfield code="q">a</subfield>
      <subfield code="q">f</subfield>
    </datafield>
    <datafield tag="100" ind1="1" ind2=" ">
      <subfield code="a">Wolckenstein, Sigmund Ignaz &#152;von&#156;</subfield>
      <subfield code="d">1644-1696</subfield>
    </datafield>
    <datafield tag="375" ind1=" " ind2=" ">
      <subfield code="a">1</subfield>
      <subfield code="2">iso5218</subfield>
    </datafield>
    <datafield tag="400" ind1="1" ind2=" ">
      <subfield code="a">Wolckenstein, Sigismundus Ignatius &#152;von&#156;</subfield>
      <subfield code="d">1644-1696</subfield>
    </datafield>
    <datafield tag="400" ind1="1" ind2=" ">
      <subfield code="a">Wolkenstein, Sigmund Ignaz &#152;von&#156;</subfield>
      <subfield code="d">1644-1696</subfield>
    </datafield>
    <datafield tag="400" ind1="0" ind2=" ">
      <subfield code="a">Sigismundus Ignatius</subfield>
      <subfield code="c">Chiemsee, Bischof</subfield>
      <subfield code="d">1644-1696</subfield>
    </datafield>
    <datafield tag="400" ind1="0" ind2=" ">
      <subfield code="a">Sigmund Ignaz</subfield>
      <subfield code="c">Chiemsee, Bischof</subfield>
      <subfield code="d">1644-1696</subfield>
    </datafield>
    <datafield tag="400" ind1="1" ind2=" ">
      <subfield code="a">Wolkenstein-Trostburg, Sigmund Ignaz &#152;von&#156;</subfield>
      <subfield code="d">1644-1696</subfield>
    </datafield>
    <datafield tag="400" ind1="1" ind2=" ">
      <subfield code="a">Trostburg, Sigmund Ignaz Wolkenstein- &#152;von&#156;</subfield>
      <subfield code="d">1644-1696</subfield>
    </datafield>
    <datafield tag="400" ind1="1" ind2=" ">
      <subfield code="a">Wolkhenstein, Sigismundus Ignatius &#152;von&#156;</subfield>
      <subfield code="d">1644-1696</subfield>
    </datafield>
    <datafield tag="400" ind1="0" ind2=" ">
      <subfield code="a">Sigismund Ignaz</subfield>
      <subfield code="c">Chiemsee, Bischof</subfield>
      <subfield code="d">1644-1696</subfield>
    </datafield>
    <datafield tag="400" ind1="1" ind2=" ">
      <subfield code="a">Wolkenstein, Sigismund Ignaz &#152;von&#156;</subfield>
      <subfield code="d">1644-1696</subfield>
    </datafield>
    <datafield tag="400" ind1="1" ind2=" ">
      <subfield code="a">Trostburg, Sigmund Ignaz &#152;von&#156;</subfield>
      <subfield code="d">1644-1696</subfield>
    </datafield>
    <datafield tag="400" ind1="1" ind2=" ">
      <subfield code="a">Wolkenstein, Siegmund Ignaz</subfield>
      <subfield code="d">1644-1696</subfield>
    </datafield>
    <datafield tag="400" ind1="1" ind2=" ">
      <subfield code="a">Wolkenstein, Siegmund Ignaz &#152;von&#156;</subfield>
      <subfield code="d">1644-1696</subfield>
    </datafield>
    <datafield tag="400" ind1="1" ind2=" ">
      <subfield code="a">Wolckenstein, Sigmund Ignaz &#152;von&#156;</subfield>
      <subfield code="c">Bischof von Chiemsee</subfield>
      <subfield code="d">1644-1696</subfield>
    </datafield>
    <datafield tag="400" ind1="1" ind2=" ">
      <subfield code="a">Wolkenstein, Sigmund Ignaz &#152;von&#156;</subfield>
      <subfield code="c">Bischof von Chiemsee</subfield>
      <subfield code="d">1644-1696</subfield>
    </datafield>
    <datafield tag="400" ind1="1" ind2=" ">
      <subfield code="a">Wolkenstein-Trostburg, Sigmund Ignaz &#152;von&#156;</subfield>
      <subfield code="c">Bischof von Chiemsee</subfield>
      <subfield code="d">1644-1696</subfield>
    </datafield>
    <datafield tag="400" ind1="0" ind2=" ">
      <subfield code="a">Sigmund Ignaz</subfield>
      <subfield code="c">Bischof von Chiemsee</subfield>
      <subfield code="d">1644-1696</subfield>
    </datafield>
    <datafield tag="548" ind1=" " ind2=" ">
      <subfield code="a">1644-1696</subfield>
      <subfield code="4">datl</subfield>
      <subfield code="4">https://d-nb.info/standards/elementset/gnd#dateOfBirthAndDeath</subfield>
      <subfield code="w">r</subfield>
      <subfield code="i">Lebensdaten</subfield>
      <subfield code="9">v:Geburtsjahr ca.</subfield>
    </datafield>
    <datafield tag="667" ind1=" " ind2=" ">
      <subfield code="a">VD-17</subfield>
    </datafield>
    <datafield tag="672" ind1=" " ind2="0">
      <subfield code="a">Venatio Honoris Et Palladis Quam Illustrißimo &amp; Reverendißimo Principi ... - 1687</subfield>
    </datafield>
    <datafield tag="678" ind1=" " ind2=" ">
      <subfield code="b">Fürstbischof von Chiemsee</subfield>
    </datafield>
    <datafield tag="913" ind1=" " ind2=" ">
      <subfield code="S">pnd</subfield>
      <subfield code="i">a</subfield>
      <subfield code="a">Wolckenstein, Sigmund Ignaz /von</subfield>
      <subfield code="0">(DE-588a)120091550</subfield>
    </datafield>
  </record>
